@article{gautschi1,
    author = {Walter Gautschi},
    title = {{How (Un)stable Are Vandermonde Systems?}},
    journal = {Lecture Notes in Pure and Appl. Math.},
    volume = {124},
    pages = {193-210},
    year = {1990}
}
@article{gautschi2,
    author = {Walter Gautschi},
    title = {{O}n inverses of {V}andermonde and {C}onfluent {V}andermonde {M}atrices {III}},
    journal = {Numer. Math.},
    volume = {29},
    year = {1978},
    pages = {445-450}
}
@article{gautschi3,
    author = {Walter Gautschi},
    title = {{N}orm {E}stimates for {I}nverses of {V}andermonde {M}atrices},
    journal = {Numer. Math.},
    volume = {23},
    pages = {337-347},
    year = {1975}
}
@article{gautschi4,
    author = {Walter Gautschi},
    title = {{O}n inverses of {V}andermonde and confluent {V}andermonde matrices},
    journal = {Numer. Math.},
    volume = {4},
    pages = {117-123},
    year = {1962}
}
@article{gautschi5,
    author = {Walter Gautschi},
    title = {{N}orm {E}stimates for {I}nverses of {V}andermonde {M}atrices},
    journal = {Numer. Math.},
    volume = {23},
    pages = {337-347},
    year = {1975}
}
@book{stoer1,
    author = {Josef Stoer and Roland Bulirsch},
    title = {Numerische Mathematik I},
    publisher = {Springer-Verlag},
    address = {Berlin},
    year ={1994}
}
@book{schaback,
    author = {Robert Schaback and Holger Wendland},
    title = {Numerische Mathematik},
    address = {Berlin},
    publisher = {Springer-Verlag},
    year = {2005}
}
@book{lang,
    author = {Serge Lang},
    title = {Complex Analysis},
    year = {2003},
    edition = {4.},
    publisher = {Springer-Verlag}
}
@book{stanley,
    author = {Richard P. Stanley},
    title = {Enumerative Combinatorics},
    volume = {2},
    year = {1999},
    publisher = {Cambridge University Press},
    address = {Cambridge}
}
